
@book{wooldridge,
	edition = {5},
	title = {Introductory {Econometrics}: {A} {Modern} {Approach}},
	isbn = {978-1-111-53104-1},
	language = {English},
	publisher = {CENGAGE Learning Custom Publishing},
	author = {Wooldridge, Jeffrey M.},
	year = {2012}
}
