
@incollection{grossman_chapter_2000,
	title = {{The} human capital model},
	volume = {1, Part A},
	urldate = {2015-12-22},
	publisher = {Elsevier},
	author = {Grossman, Michael},
	editor = {Economics, BT  - Handbook of Health},
	year = {2000},
	keywords = {I10},
	pages = {347--408},
	file = {ScienceDirect Snapshot:C\:\\Users\\Tomi\\AppData\\Roaming\\Zotero\\Zotero\\Profiles\\5rdyazta.default\\zotero\\storage\\633C85XE\\S1574006400801663.html:text/html}
}

@article{todd_epf_2003,
	title = {On the {Specification} and {Estimation} of the {Production} {Function} for {Cognitive} {Achievement}},
	volume = {113},
	issn = {0013-0133},
	number = {485},
	urldate = {2015-12-21},
	journal = {The Economic Journal},
	author = {Todd, Petra E. and Wolpin, Kenneth I.},
	year = {2003},
	pages = {F3--F33},
	file = {JSTOR Full Text PDF:C\:\\Users\\Tomi\\AppData\\Roaming\\Zotero\\Zotero\\Profiles\\5rdyazta.default\\zotero\\storage\\VED5DEZM\\Todd és Wolpin - 2003 - On the Specification and Estimation of the Product.pdf:application/pdf}
}

@book{borjas_labor_2013,
	address = {New York},
	edition = {6},
	title = {Labor economics},
	isbn = {978-0-07-352320-0},
	publisher = {McGraw-Hill},
	author = {Borjas, George J.},
	year = {2013},
}

@incollection{horn_mitmer,
	address = {Budapest},
	title = {Az iskolai hozzáadott érték mérése},
	booktitle = {Mit mér a műszer? {A} tanulói teljesítménymérések alkalmazhatóságáról},
	publisher = {Oktatáskutató és fejlesztő intézet},
	author = {Horn, Dániel},
	editor = {Széll, Krisztián},
	year = {2015},
	pages = {63--90}
}

@misc{tborcsok_github,
	title = {tborcsok/szakdolgozat},
	url = {https://github.com/tborcsok/szakdolgozat},
	abstract = {Contribute to szakdolgozat development by creating an account on GitHub.},
	urldate = {2015-12-21},
	journal = {GitHub},
	file = {Snapshot:C\:\\Users\\Tomi\\AppData\\Roaming\\Zotero\\Zotero\\Profiles\\5rdyazta.default\\zotero\\storage\\B3AKS9FQ\\szakdolgozat.html:text/html}
}

@misc{oh_taj,
	title = {Országos kompetenciamérés - Általános leírás},
	url = {http://www.oktatas.hu/kozneveles/meresek/kompetenciameres/alt_leiras},
	urldate = {2015-12-21},
	author = {{Oktatási Hivatal}}
}

@misc{oh_valtozasok_2010,
	title = {Változások az {Országos} kompetenciamérés skáláiban},
	url = {http://www.oktatas.hu/pub_bin/dload/kozoktatas/meresek/orszmer2010/valt_orszmer_skala_110228.pdf},
	urldate = {2015-12-21},
	author = {{Oktatási Hivatal}},
	year = {2010}
}

@incollection{bjorklund_chapter_2011,
	title = {{Education} and {Family} {Background}: {Mechanisms} and {Policies}},
	volume = {3},
	shorttitle = {Chapter 3 - {Education} and {Family} {Background}},
	urldate = {2015-10-29},
	booktitle = {Handbook of the {Economics} of {Education}},
	publisher = {Elsevier},
	author = {Björklund, Anders and Salvanes, Kjell G.},
	editor = {Hanushek, Eric A. and Machin, Stephen and Woessmann, Ludger},
	year = {2011},
	keywords = {Education, Education Reform, Intergenerational Mobility, Sibling Correlations},
	pages = {201--247},
	file = {ScienceDirect Snapshot:C\:\\Users\\Tomi\\AppData\\Roaming\\Zotero\\Zotero\\Profiles\\5rdyazta.default\\zotero\\storage\\7FVXXND4\\B978044453429300003X.html:text/html}
}
%chapter 3

@incollection{oded_chapter_2011,
	series = {Handbook of {The} {Economics} of {Education}},
	title = {{Inequality}, {Human} {Capital} {Formation}, and the {Process} of {Development}},
	volume = {4},
	urldate = {2015-10-30},
	booktitle = {Handbook of the {Economics} of {Education}},
	publisher = {Elsevier},
	author = {Oded, Galor},
	editor = {Eric A. Hanushek, Stephen Machin {and} Ludger Woessmann},
	year = {2011},
	keywords = {Development, Education, Gender Gap, Human Capital, Income Distribution, Inequality, Unified Growth Theory},
	pages = {441--493},
	file = {ScienceDirect Snapshot:C\:\\Users\\Tomi\\AppData\\Roaming\\Zotero\\Zotero\\Profiles\\5rdyazta.default\\zotero\\storage\\CJT6WDIQ\\B9780444534446000055.html:text/html}
}
%chapter 5

@incollection{figlio_chapter_2011,
	title = {{School} {Accountability}},
	volume = {3},
	booktitle = {Handbook of the {Economics} of {Education}},
	publisher = {Elsevier},
	author = {Figlio, David and Loeb, Susanna},
	editor = {Eric A. Hanushek, Stephen Machin {and} Ludger Woessmann},
	year = {2011},
	keywords = {Accountability, Achievement, Education, NCLB},
	pages = {383--421},
	file = {ScienceDirect Snapshot:C\:\\Users\\Tomi\\AppData\\Roaming\\Zotero\\Zotero\\Profiles\\5rdyazta.default\\zotero\\storage\\TTK255KG\\B9780444534293000089.html:text/html}
}
%chapter 8
	%url = {http://www.sciencedirect.com/science/article/pii/B9780444534293000089},
	%urldate = {2015-12-21},

@incollection{harris_education_2010,
	address = {Oxford},
	title = {Education {Production} {Functions}: {Concepts}},
	isbn = {978-0-08-044894-7},
	shorttitle = {Education {Production} {Functions}},
	urldate = {2015-11-11},
	booktitle = {International {Encyclopedia} of {Education} ({Third} {Edition})},
	publisher = {Elsevier},
	author = {Harris, D. N.},
	editor = {McGaw, Penelope PetersonEva BakerBarry},
	year = {2010},
	keywords = {Accountability, Education production function, Efficiency, Inputs, Longitudinal Data, Non-school resources, Outputs, Quantitative Methods, Teacher evaluation, Value-added},
	pages = {127--131},
	file = {ScienceDirect Snapshot:C\:\\Users\\Tomi\\AppData\\Roaming\\Zotero\\Zotero\\Profiles\\5rdyazta.default\\zotero\\storage\\7ACTQ2PF\\B9780080448947012306.html:text/html}
}

@incollection{goodman_parental_2010,
	address = {Oxford},
	title = {Parental {Socioeconomic} {Status}, {Child} {Health}, and {Human} {Capital}},
	isbn = {978-0-08-044894-7},
	shorttitle = {Education {Production} {Functions}},
	urldate = {2015-11-11},
	booktitle = {International {Encyclopedia} of {Education} ({Third} {Edition})},
	publisher = {Elsevier},
	author = {Goodman, Joshua and Currie, Janet},
	editor = {McGaw, Penelope PetersonEva BakerBarry},
	year = {2010},
	keywords = {Accountability, Education production function, Efficiency, Inputs, Longitudinal Data, Non-school resources, Outputs, Quantitative Methods, Teacher evaluation, Value-added},
	pages = {156--162}
}

@incollection{pelayo_teacher_2010,
	address = {Oxford},
	title = {Teacher {Quality} in {Education} {Production}},
	isbn = {978-0-08-044894-7},
	urldate = {2015-11-11},
	booktitle = {International {Encyclopedia} of {Education} ({Third} {Edition})},
	publisher = {Elsevier},
	author = {Pelayo, I. and Brewer, D. J.},
	editor = {McGaw, Penelope PetersonEva BakerBarry},
	year = {2010},
	keywords = {Education production function, Teacher characteristics, Teacher quality},
	pages = {438--442},
	file = {ScienceDirect Snapshot:C\:\\Users\\Tomi\\AppData\\Roaming\\Zotero\\Zotero\\Profiles\\5rdyazta.default\\zotero\\storage\\BA8JXNHQ\\B9780080448947012355.html:text/html}
}

@article{scikit-learn,
 title={Scikit-learn: Machine Learning in {P}ython},
 author={Pedregosa, F. and Varoquaux, G. and Gramfort, A. and Michel, V.
         and Thirion, B. and Grisel, O. and Blondel, M. and Prettenhofer, P.
         and Weiss, R. and Dubourg, V. and Vanderplas, J. and Passos, A. and
         Cournapeau, D. and Brucher, M. and Perrot, M. and Duchesnay, E.},
 journal={Journal of Machine Learning Research},
 volume={12},
 pages={2825--2830},
 year={2011}
}

@book{varga_1998,
	address = {Budapest},
	title = {Oktatás-gazdaságtan},
	publisher = {Közgazdasági Szemle Alapítvány},
	author = {Varga, Júlia},
	year = {1998}
}

@incollection{zoldkonyv,
	address = {Budapest},
	title = {A közoktatási intézmények teljesítményének mérése-értékelése, az iskolák elszámoltathatósága},
	isbn = {978-963-235-186-5},
	booktitle = {Zöld könyv a magyar közoktatás megújításáért, 2008: oktatás és gyermekesély kerekasztal},
	publisher = {Ecostat},
	author = {Kertesi, Gábor},
	editor = {Fazekas, Károly and Köllő, János and Varga, Júlia},
	year = {2008},
	keywords = {Aims and objectives, Child development, Education, Educational change, History, Hungary, Labor policy, Research, Vocational education}
}

@article{schlotter_causal_eval_2011,
	title = {Econometric methods for causal evaluation of education policies and practices: a non-technical guide},
	volume = {19},
	shorttitle = {Econometric methods for causal evaluation of education policies and practices},
	number = {2},
	urldate = {2016-03-24},
	journal = {Education Economics},
	author = {Schlotter, Martin and Schwerdt, Guido and Woessmann, Ludger},
	year = {2011},
	pages = {109--137},
	file = {Snapshot:C\:\\Users\\Tomi\\AppData\\Roaming\\Zotero\\Zotero\\Profiles\\5rdyazta.default\\zotero\\storage\\HGHPNQD7\\09645292.2010.html:text/html}
}
	%url = {http://www.tandfonline.com/doi/abs/10.1080/09645292.2010.511821},


@book{baltagi_panel,
   title =     {Econometric Analysis of Panel Data},
   author =    {Badi Hani Baltagi},
   publisher = {John Wiley and Sons},
   isbn =      {0470014563,9780470014561},
   year =      {2005},
   series =    {},
   edition =   {3rd},
   volume =    {},
}
   %url =       {http://gen.lib.rus.ec/book/index.php?md5=0357BBCBA542323C165402AF796F8A78}


@book{wooldridge,
	address = {Mason, OH},
	edition = {5},
	title = {Introductory {Econometrics}: {A} {Modern} {Approach}},
	isbn = {978-1-111-53104-1},
	language = {English},
	publisher = {CENGAGE Learning Custom Publishing},
	author = {Wooldridge, Jeffrey M.},
	month = oct,
	year = {2012}
}

@incollection{oecd_hungary_2015,
	title = {Hungary},
	isbn = {978-92-64-24208-1 978-92-64-24209-8},
	language = {en},
	booktitle = {Education at a {Glance} 2015},
	publisher = {OECD Publishing},
	author = {{OECD}},
	collaborator = {{OECD}},
	month = nov,
	year = {2015}
}
	%url = {http://www.oecd-ilibrary.org/education/education-at-a-glance-2015/hungary_eag-2015-59-en},
	%urldate = {2016-03-31},

@book{perspectives_2011,
   title =     {Perspectives on Educational Quality: Illustrative Outcomes on Primary and Secondary Schooling in the Netherlands},
   author =    {Jaap Scheerens, Hans Luyten, Jan van Ravens (auth.), Jaap Scheerens, Hans Luyten, Jan van Ravens (eds.)},
   publisher = {Springer Netherlands},
   isbn =      {9400709250,9789400709256},
   year =      {2011},
   series =    {SpringerBriefs in Education 1},
   edition =   {1},
   volume =    {}
}
   %url =       {http://gen.lib.rus.ec/book/index.php?md5=4C70ADB12E1A7B601DCC4F7D0DD1841F}
   
@book{stiglitz_kormanyzati_2000,
	address = {Budapest},
	title = {A kormányzati szektor gazdaságtana},
	shorttitle = {Joseph {E}. {Stiglitz}},
	urldate = {2015-06-18},
	publisher = {KJK-Kerszöv},
	author = {Stiglitz, Joseph E.},
	year = {2000}
}

@incollection{carneiro_economics_2010,
	title = {The {Economics} of {Vocational} {Education} and {Training}},
	isbn = {978-0-08-044894-7},
	url = {},
	language = {en},
	urldate = {2016-02-29},
	booktitle = {International {Encyclopedia} of {Education}},
	publisher = {Elsevier},
	author = {Carneiro, P. and Dearden, L. and Vignoles, A.},
	year = {2010},http://www.ucl.ac.uk/~uctppca/encyclopedia.pdf
	pages = {255--261}
}

@Article{smallschools,
  author={Thomas J. Kane and Douglas O. Staiger},
  title={{The Promise and Pitfalls of Using Imprecise School Accountability Measures}},
  journal={Journal of Economic Perspectives},
  year=2002,
  volume={16},
  number={4},
  pages={91-114}
}

@article{zhei,
	title = {A hozottérték-index és a hozzáadott pedagógiai érték számítása a 2003-as kompetenciamérésben},
	issn = {1215-1807},
	language = {hu},
	number = {54. évf. 12. sz.},
	journal = {Új pedagógiai szemle},
	author = {Balázsi, Ildikó and Zempléni, András},
	year = {2004},
	pages = {36--50}
}

@article{fama_french,
	title = {Common risk factors in the returns on stocks and bonds},
	volume = {33},
	issn = {0304-405X},
	number = {1},
	urldate = {2016-04-08},
	journal = {Journal of Financial Economics},
	author = {Fama, Eugene F. and French, Kenneth R.},
	month = feb,
	year = {1993},
	pages = {3--56}
	}
	
@book{factor_loehlin,
   title =     {Latent Variable Models: An Introduction to Factor, Path, and Structural Equation Analysis},
   author =    {John C. Loehlin},
   publisher = {Routledge Academic},
   isbn =      {9780805849097,0805849092},
   year =      {2003},
   series =    {},
   edition =   {4},
   volume =    {}
}

@book{factor_brown,
   title =     {Confirmatory Factor Analysis for Applied Research, Second Edition},
   author =    {Timothy A. Brown},
   publisher = {The Guilford Press},
   isbn =      {146251779X,9781462517794},
   year =      {2015},
   series =    {Methodology in the Social Sciences},
   edition =   {Second Edition},
   volume =    {}
}



@misc{balazsi_orszagos_2011,
	title = {Országos kompetenciamérés 2010 - {Országos} jelentés},
	url = {http://www.oktatas.hu/pub_bin/dload/kozoktatas/meresek/orszmer2010/valt_orszmer_skala_110228.pdf},
	urldate = {2016-03-11},
	publisher = {Oktatási Hivatal},
	author = {Balázsi, Ildikó and Lak, Ágnes Rozina and Szabó, Vilmos},
	year = {2011}
}


